<record><leader>00000cas a2200000 a 4500</leader><controlfield tag="001">42335976</controlfield><controlfield tag="007">hd afb019bucu</controlfield><controlfield tag="007">hd bfb019bubu</controlfield><controlfield tag="008">820825d19111930wauwr nea     0   a0eng c</controlfield><datafield ind1=" " ind2=" " tag="010"><subfield code="a">  2002252538</subfield></datafield><datafield ind1=" " ind2=" " tag="040"><subfield code="a">Wa</subfield><subfield code="b">eng</subfield><subfield code="c">WRJ</subfield><subfield code="d">OCL</subfield><subfield code="d">WAU</subfield><subfield code="d">OCLCQ</subfield><subfield code="d">OCLCF</subfield><subfield code="d">OCLCO</subfield></datafield><datafield ind1="1" ind2=" " tag="029"><subfield code="a">AU@</subfield><subfield code="b">000023449548</subfield></datafield><datafield ind1=" " ind2=" " tag="042"><subfield code="a">pcc</subfield></datafield><datafield ind1=" " ind2=" " tag="043"><subfield code="a">n-us-wa</subfield></datafield><datafield ind1="0" ind2=" " tag="082"><subfield code="a">071.9778</subfield><subfield code="2">19</subfield></datafield><datafield ind1="0" ind2="0" tag="245"><subfield code="a">Puyallup herald</subfield><subfield code="h">[microform].</subfield></datafield><datafield ind1=" " ind2=" " tag="260"><subfield code="a">Puyallup, Wash. :</subfield><subfield code="b">[Mount Tacoma Pub. Co.],</subfield><subfield code="c">1911-</subfield></datafield><datafield ind1=" " ind2=" " tag="300"><subfield code="a">v. :</subfield><subfield code="b">ill.</subfield></datafield><datafield ind1=" " ind2=" " tag="310"><subfield code="a">Weekly (Fridays)</subfield></datafield><datafield ind1="0" ind2=" " tag="362"><subfield code="a">Vol. 6, no. 45 (Sept. 8, 1911)-</subfield></datafield><datafield ind1="1" ind2=" " tag="362"><subfield code="a">Ceased in 1930.</subfield><subfield code="z">Cf. Newspapers in microform : United States, 1948-1972.</subfield></datafield><datafield ind1=" " ind2=" " tag="588"><subfield code="a">Latest issue consulted: Vol. 26, no. 13 (Feb. 15, 1929).</subfield></datafield><datafield ind1=" " ind2=" " tag="533"><subfield code="a">Microfilm.</subfield><subfield code="b">[Seattle, Wash.] :</subfield><subfield code="c">Filmed for the University of Washington Libraries.</subfield><subfield code="e">8 microfilm reels ; 35 mm.</subfield><subfield code="n">Filmed with Mount Tacoma herald.</subfield></datafield><datafield ind1=" " ind2="0" tag="651"><subfield code="a">Puyallup (Wash.)</subfield><subfield code="v">Periodicals.</subfield></datafield><datafield ind1=" " ind2="7" tag="655"><subfield code="a">Periodicals.</subfield><subfield code="2">fast</subfield><subfield code="0">(OCoLC)fst01411641</subfield></datafield><datafield ind1=" " ind2="7" tag="651"><subfield code="a">Washington (State)</subfield><subfield code="z">Puyallup.</subfield><subfield code="2">fast</subfield><subfield code="0">(OCoLC)fst01222707</subfield></datafield><datafield ind1=" " ind2=" " tag="752"><subfield code="a">United States</subfield><subfield code="b">Washington</subfield><subfield code="c">Pierce</subfield><subfield code="d">Puyallup.</subfield></datafield><datafield ind1="1" ind2=" " tag="776"><subfield code="c">Original</subfield><subfield code="w">(DLC)sn 88085138</subfield><subfield code="w">(OCoLC)17331578</subfield></datafield><datafield ind1="0" ind2="0" tag="780"><subfield code="t">Mount Tacoma herald</subfield><subfield code="w">(DLC)  2002252537</subfield><subfield code="w">(OCoLC)42335940</subfield></datafield><datafield ind1="0" ind2="0" tag="785"><subfield code="t">Puyallup press</subfield><subfield code="w">(DLC)  2002252534</subfield><subfield code="w">(OCoLC)42336008</subfield></datafield></record>